
@book{rishi_2013,
    title = {Inside the Black Box: The Simple Truth About Quantitative Trading},
    author = {Rishi K. Narang},
    isbn = {9781118362419},
    series = {Wiley Finance Series},
    year = {2013},
    publisher = {Wiley}
}

@book{marcos_2018,
    title = {Advances in Financial Machine Learning},
    author = {Marcos Lopez De Prado},
    isbn = {9781119482116},
    series = {Wiley Finance Series},
    year = {2018},
    publisher = {Wiley}
}

@book{hull_2021,
    title = {Options, Futures, and Other Derivatives},
    author = {John C. Hull},
    isbn = {9781292410654},
    year = {2021},
    publisher = {Pearson}
}

@book{velu_2020,
    title = {Algorithmic Trading and Quantitative Strategies},
    author = {Raja Velu},
    isbn = {9781498737166},
    year = {2020},
    publisher = {CRC Press}
}

@book{hamilton_1994,
    title = {Time Series Analysis},
    author = {James D. Hamilton},
    isbn = {9780691042893},
    year = {1994},
    publisher = {Princeton University Press}
}

@book{taleb_1996,
    title = {Dynamic Hedging: Managing Vanilla and Exotic Options},
    author = {Nassim Nicholas Taleb},
    isbn = {9780471152804},
    series = {Wiley Financial Engineering},
    year = {1996},
    publisher = {Wiley}
}

@book{natenberg_2014,
    title = {Option Volatility and Pricing: Advanced Trading Strategies and Techniques},
    author = {Sheldon Natenberg},
    isbn = {9780071818773},
    year = {2014},
    publisher = {McGraw Hill LLC}
}

@book{prado_2020,
    title = {Machine Learning for Asset Managers},
    author = {Marcos Lopez de Prado},
    isbn = {9781108792899},
    year = {2020},
    publisher = {Wiley}
}

@book{prado_2018,
    title = {Advances in Financial Machine Learning},
    author = {Marcos Lopez de Prado},
    isbn = {9781119482086},
    year = {2018},
    publisher = {Wiley}
}

@book{harris_2002,
    title = {Trading and Exchanges: Market Microstructure for Practitioners},
    author = {Larry Harris},
    isbn = {9780195144703},
    year = {2022},
    publisher = {Oxford University Press}
}

@book{grinold_1999,
    title = {Active Portfolio Management},
    author = {Richard C. Grinold},
    isbn = {9780070248823},
    year = {1999},
    publisher = {Irwin Library of Investment & Finance}
}

@book{grinold_2019,
    title = {Advances in Active Portfolio Management},
    author = {Richard C. Grinold},
    isbn = {9781260453713},
    year = {2019},
    publisher = {Irwin Library of Investment & Finance}
}

 @article{Thierry_Helyette_2000, title={Order Flow, Transaction Clock, and Normality of Returns}, volume={55}, number={5}, journal={The Journal of Finance}, author={Thierry, Ann and Helyette, Geman}, year={2000}, month=oct, pages={2259â€“2284} }

@book{kuznetsov_2006,
    title = {The Complete Guide to Capital Markets for Quantitative Professionals},
    author = {Alex Kuznetsov},
    isbn = {9780071468299},
    year = {2006},
    publisher = {McGraw Hill}
}

@book{isichenko_2021,
    title = {Quantitative Portfolio Management: The Art and Science of Statistical Arbitrage},
    author = {Michael Isichenko},
    isbn = {9781119821328},
    year = {2021},
    publisher = {Wiley}
}

@book{speight_2020,
    title = {Visual Studio Code for Python},
    author = {Apriil Speight},
    isbn = {9781119773368},
    year = {2021},
    publisher = {Wiley}
}

@book{downey_2016,
    title = {Think Python: How to Think Like a Computer Scientist},
    author = {April Speight},
    isbn = {9781491939369},
    year = {2016},
    publisher = {O Reilly}
}

@book{ramalho_2016,
    title = {Fluent Python: Clear, Concise, and Effective Programming},
    author = {Luciano Ramalho},
    isbn = {9781491946008},
    year = {2015},
    publisher = {O Reilly}
}